@inproceedings{fang2018deepxss,
  title={DeepXSS: Cross site scripting detection based on deep learning},
  author={Fang, Yong and Li, Yang and Liu, Liang and Huang, Cheng},
  booktitle={Proceedings of the 2018 International Conference on Computing and Artificial Intelligence},
  pages={47--51},
  year={2018}
}

@misc{xssed,
  title={XSSed.Com.XSS (Cross-Site Scripting) Information and Vulnerable Website Archive},
  author={F. Kevin and D. Pagkalos},
  url={https://www.xssed.com/archive},
  note = {Accessed: 2021-11-1}
}

@misc{dmoz,
  title={DMOZ},
  howpublished={\url{http://dmoztools.net/}},
  note = {Accessed: 2021-11-1}
}

@misc{bleach,
  title={Bleach},
  author={{gguthe-moz} and Kahn-Greene, Will},
  url={https://pypi.org/project/bleach/},
  note = {Accessed: 2021-11-3}
}

