@inproceedings{fang2018deepxss,
  title={DeepXSS: Cross site scripting detection based on deep learning},
  author={Fang, Yong and Li, Yang and Liu, Liang and Huang, Cheng},
  booktitle={Proceedings of the 2018 International Conference on Computing and Artificial Intelligence},
  pages={47--51},
  year={2018}
}

@misc{xsscheat,
  author={OWASP},
  title={XSS Filter Evasion Cheat Sheet},
  year = 2021,
  url = {https://cheatsheetseries.owasp.org/cheatsheets/XSS\_Filter\_Evasion\_Cheat\_Sheet.html},
  urldate = {2021-11-31}
}

@article{mikolov2013efficient,
  title={Efficient estimation of word representations in vector space},
  author={Mikolov, Tomas and Chen, Kai and Corrado, Greg and Dean, Jeffrey},
  journal={arXiv preprint arXiv:1301.3781},
  year={2013}
}

@article{mokbal2019mlpxss,
  title={MLPXSS: an integrated XSS-based attack detection scheme in web applications using multilayer perceptron technique},
  author={Mokbal, Fawaz Mahiuob Mohammed and Dan, Wang and Imran, Azhar and Jiuchuan, Lin and Akhtar, Faheem and Xiaoxi, Wang},
  journal={IEEE Access},
  volume={7},
  pages={100567--100580},
  year={2019},
  publisher={IEEE}
}

@inproceedings{zhang2019cross,
  title={Cross-site scripting (XSS) detection integrating evidences in multiple stages},
  author={Zhang, Jingchi and Jou, Yu-Tsern and Li, Xiangyang},
  booktitle={Proceedings of the 52nd Hawaii International Conference on System Sciences},
  year={2019}
}

@inproceedings{gupta2015text,
  title={Text-mining based predictive model to detect XSS vulnerable files in web applications},
  author={Gupta, Mukesh Kumar and Govil, Mahesh Chandra and Singh, Girdhari},
  booktitle={2015 Annual IEEE India Conference (INDICON)},
  pages={1--6},
  year={2015},
  organization={IEEE}
}

@article{goswami2017unsupervised,
  title={An Unsupervised Method for Detection of XSS Attack.},
  author={Goswami, Swaswati and Hoque, Nazrul and Bhattacharyya, Dhruba K and Kalita, Jugal},
  journal={Int. J. Netw. Secur.},
  volume={19},
  number={5},
  pages={761--775},
  year={2017}
}

@inproceedings{vishnu2014prediction,
  title={Prediction of cross-site scripting attack using machine learning algorithms},
  author={Vishnu, BA and Jevitha, KP},
  booktitle={Proceedings of the 2014 International Conference on Interdisciplinary Advances in Applied Computing},
  pages={1--5},
  year={2014}
}

@article{abaimov2019coddle,
  title={CODDLE: Code-injection detection with deep learning},
  author={Abaimov, Stanislav and Bianchi, Giuseppe},
  journal={IEEE Access},
  volume={7},
  pages={128617--128627},
  year={2019},
  publisher={IEEE}
}

@article{afzal2021deeplearning,
  title={URLdeepDetect: A Deep Learning Approach for Detecting Malicious URLs Using Semantic Vector Models},
  author={Afzal, Sara and Asim, Muhammad and Javed, Abdul Rehman and Beg, Mirza Omer and Baker, Thar},
  journal={Journal of Network and Systems Management},
  volume={29},
  number={3},
  pages={1--27},
  year={2021},
  publisher={Springer}
}

@misc{xssed,
  author={XSSED},
  title={XSSed Cross Site Scripting (XSS) attacks information and archive},
  url = {http://www.xssed.com.},
  urldate = {2021-11-12}
}

@misc{dmoz,
  author={DMOZ},
  title={The Open Directory Project},
  url = {http://www.dmoz.org/},
  urldate = {2021-11-14}
}

@ARTICLE{rathore2017xss,
author={Rathore, S. and Sharma, P.K. and Park, J.H.},
title={XSSClassifier: An efficient XSS attack detection approach based on machine learning classifier on SNSs},
journal={Journal of Information Processing Systems},
year={2017},
volume={13},
number={4},
pages={1014-1028},
doi={10.3745/JIPS.03.0079},
note={cited By 42},
url={https://www.scopus.com/inward/record.uri?eid=2-s2.0-85029003429&doi=10.3745%2fJIPS.03.0079&partnerID=40&md5=fc70ce546eec119a751b76f157be9e2f},
document_type={Article},
source={Scopus},
}